@Booklet{CC-part2,
	title = "Common Criteria for Information Technology
Security Evaluation - Part 2: Security functional components",
	author = "CSE, SCSSI, BSI, NLNCSA, CESG, NIST, NSA",
	abstract = "The CC combines the best aspects of existing criteria for the security evaluation of information technology systems and products.",
	contents = "Background
General Model
Key Concepts
Security Functionality
Security Assurance
Evaluation Assurance Levels
Approach to Evaluation
CC Protection Profiles
For further information...",
	keywords = "security evaluation, information technology",
	language = "English",
}
